@article{berg2014evaluation,
  title={Evaluation of alternative age-based methods for estimating relative abundance from survey data in relation to assessment models},
  author={Berg, Casper W and Nielsen, Anders and Kristensen, Kasper},
  journal={Fisheries Research},
  volume={151},
  pages={91--99},
  year={2014},
  publisher={Elsevier}
}

@misc{DATRASpackage,
  author = {Kristensen, Kasper and Berg, Casper W.},
  title = {{DATRAS} package for {R}},
  url = {https://github.com/DTUAqua/DATRAS},
  howpublished = {\url{https://github.com/DTUAqua/DATRAS}},
  year = {2012},
} 

@misc{surveyIndexPackage,
  author = {Berg, Casper W.},
  title = {\texttt{surveyIndex}: {R} package for calculating survey indices by age from {DATRAS} exchange data},
  url = {https://github.com/casperwberg/surveyIndex},
  howpublished = {\url{https://github.com/casperwberg/surveyIndex}},
  year = {2014},
} 

